<record><leader>00000cas a2200000 a 4500</leader><controlfield tag="001">36846325</controlfield><controlfield tag="008">970502c199u9999fluwr ne      0    0eng c</controlfield><datafield ind1=" " ind2=" " tag="010"><subfield code="a">sn 97027759 </subfield></datafield><datafield ind1=" " ind2=" " tag="040"><subfield code="a">FUG</subfield><subfield code="b">eng</subfield><subfield code="c">FUG</subfield><subfield code="d">OCLCQ</subfield><subfield code="d">OCLCF</subfield><subfield code="d">OCLCO</subfield></datafield><datafield ind1="1" ind2=" " tag="029"><subfield code="a">AU@</subfield><subfield code="b">000013250327</subfield></datafield><datafield ind1=" " ind2=" " tag="032"><subfield code="a">011122</subfield><subfield code="b">USPS</subfield></datafield><datafield ind1=" " ind2=" " tag="037"><subfield code="b">23170 Harborview Rd., Charlotte Harbor, FL 33980-2198</subfield><subfield code="c">$13.00</subfield></datafield><datafield ind1=" " ind2=" " tag="042"><subfield code="a">pcc</subfield></datafield><datafield ind1=" " ind2=" " tag="043"><subfield code="a">n-us-fl</subfield></datafield><datafield ind1="0" ind2=" " tag="130"><subfield code="a">Charlotte record (Charlotte Harbor, Fla.)</subfield></datafield><datafield ind1="1" ind2="0" tag="245"><subfield code="a">Charlotte record.</subfield></datafield><datafield ind1="1" ind2="7" tag="246"><subfield code="a">Record</subfield></datafield><datafield ind1=" " ind2=" " tag="260"><subfield code="a">Charlotte Harbor, FL :</subfield><subfield code="b">Sun Coast Media Group</subfield></datafield><datafield ind1=" " ind2=" " tag="300"><subfield code="a">v. :</subfield><subfield code="b">ill. ;</subfield><subfield code="c">35 cm.</subfield></datafield><datafield ind1=" " ind2=" " tag="310"><subfield code="a">Weekly (published on Mondays)</subfield></datafield><datafield ind1=" " ind2=" " tag="500"><subfield code="a">"The official record of Charlotte County."</subfield></datafield><datafield ind1=" " ind2=" " tag="500"><subfield code="a">Publisher: Derek Dunn-Rankin.</subfield></datafield><datafield ind1=" " ind2=" " tag="588"><subfield code="a">Description based on: Vol. 5, no. 16 (Apr. 21-27, 1997).</subfield></datafield><datafield ind1=" " ind2="0" tag="651"><subfield code="a">Charlotte Harbor (Fla.)</subfield><subfield code="v">Newspapers.</subfield></datafield><datafield ind1=" " ind2="0" tag="651"><subfield code="a">Charlotte County (Fla.)</subfield><subfield code="v">Newspapers.</subfield></datafield><datafield ind1=" " ind2="7" tag="655"><subfield code="a">Newspapers.</subfield><subfield code="2">fast</subfield><subfield code="0">(OCoLC)fst01423814</subfield></datafield><datafield ind1=" " ind2="7" tag="651"><subfield code="a">Florida</subfield><subfield code="z">Charlotte County.</subfield><subfield code="2">fast</subfield><subfield code="0">(OCoLC)fst01217561</subfield></datafield><datafield ind1=" " ind2="7" tag="651"><subfield code="a">Florida</subfield><subfield code="z">Charlotte Harbor.</subfield><subfield code="2">fast</subfield><subfield code="0">(OCoLC)fst01236174</subfield></datafield><datafield ind1=" " ind2=" " tag="752"><subfield code="a">United States</subfield><subfield code="b">Florida</subfield><subfield code="c">Charlotte</subfield><subfield code="d">Charlotte Harbor.</subfield></datafield></record>